<record><leader>00000cas a22000007a 4500</leader><controlfield tag="001">15808836</controlfield><controlfield tag="008">870604d18951898inudn ne      0    0eng d</controlfield><controlfield tag="009">5452</controlfield><datafield ind1=" " ind2=" " tag="010"><subfield code="a">sn 87056054 </subfield></datafield><datafield ind1=" " ind2=" " tag="040"><subfield code="a">NPI</subfield><subfield code="b">eng</subfield><subfield code="c">NPI</subfield><subfield code="d">DLC</subfield></datafield><datafield ind1="1" ind2=" " tag="029"><subfield code="a">AU@</subfield><subfield code="b">000025827230</subfield></datafield><datafield ind1=" " ind2=" " tag="042"><subfield code="a">msc</subfield></datafield><datafield ind1="0" ind2="0" tag="050"><subfield code="a">Newspaper 7701-X</subfield></datafield><datafield ind1="0" ind2=" " tag="130"><subfield code="a">Logansport journal (Logansport, Ind. : Daily : 1895)</subfield></datafield><datafield ind1="0" ind2="4" tag="245"><subfield code="a">The Logansport journal.</subfield></datafield><datafield ind1=" " ind2=" " tag="260"><subfield code="a">Logansport, Ind. :</subfield><subfield code="b">Logansport Journal Co.,</subfield><subfield code="c">1895-1898.</subfield></datafield><datafield ind1=" " ind2=" " tag="300"><subfield code="a">4 v. :</subfield><subfield code="b">ill. ;</subfield><subfield code="c">55 cm.</subfield></datafield><datafield ind1=" " ind2=" " tag="310"><subfield code="a">Daily (except Mon.)</subfield></datafield><datafield ind1="0" ind2=" " tag="362"><subfield code="a">Vol. 20, no. 140 (June 14, 1895)-v. 23, no. 312 (Dec. 31, 1898).</subfield></datafield><datafield ind1=" " ind2=" " tag="752"><subfield code="a">United States</subfield><subfield code="b">Indiana</subfield><subfield code="c">Cass</subfield><subfield code="d">Logansport.</subfield></datafield><datafield ind1="0" ind2="0" tag="780"><subfield code="t">Daily journal (Logansport, Ind. : 1887)</subfield><subfield code="w">(DLC)sn 87056053</subfield></datafield><datafield ind1="0" ind2="0" tag="785"><subfield code="t">Logansport daily journal (Logansport, Ind. : 1899)</subfield><subfield code="w">(DLC)sn 87056056</subfield></datafield></record>